@InBook{Kopka_Daly2004,
    author = {Helmut Kopka, Patrick W. Daly},
    title = {Guide to LaTeX},
    chapter = {Introduction},
    publisher = {Addison-Wesley},
    address = {Boston},
    year = {2004},
    edition = {4},
    ISBN = {03-2117-385-6},
}

@InBook{Lamport1994,
    author = {Leslie Lamport},
    title = {LaTeX - A Document Preparation System User's Guide and Reference Manual},
    chapter = {Why LaTeX?},
    publisher = {Addison-Wesley},
    address = {USA},
    year = {1994},
    edition = {2},
    ISBN = {0-201-52983-1},
}

@Misc{Martinek2010,
	author = {David Martinek},
	title = {LaTeXové speciality},
	year = {rev. 25. února 2010},
	howpublished = {[online]},
    note = {[vid. 2024-04-18]},
	url = {https://www.fit.vutbr.cz/~martinek/latex/index.html},
}

@Misc{Vyfuk2024,
    author = {Vyfuk.org},
    title = {Rady a tipy: LaTeX},
    year = {rev. 2024},
    howpublished = {[online]},
    note = {[vid. 2024-04-18]},
    url = {https://vyfuk.org/rady_a_tipy/latex},
}

@Misc{Simecek2013,
	author = {Martin Šimeček},
	title = {LaTeX 1.~Co to je a proč se ho chtít učit?},
	year = {rev. 21. srpna 2013},
	howpublished = {[online]},
    note = {[vid. 2024-04-18]},
	url = {http://programujte.com/clanek/2013080500},
}

@Misc{Lehocky2014,
	author = {Zdeněk Lehocký},
	title = {LaTeX 2.~Psaní prvních dokumentů},
	year = {rev. 14. května 2014},
	howpublished = {[online]},
    note = {[vid. 2024-04-18]},
	url = {http://programujte.com/clanek/2013092800},
}

@Misc{Benes1998,
	author = {Miroslav Beneš},
	title = {Struktura dokumentu},
	year = {rev. 1998},
	howpublished = {[online]},
    note = {[vid. 2024-04-18]},
	url = {https://homel.vsb.cz/~s1a10/educ/EPubl/LaTeX/HTML_kurs_Benes/},
}

@Article{Beeton2023,
	author = {Barbara Beeton},
	title = {Co by každý (La)TeXový nováček měl znát},
	journal = {Zpravodaj Československého sdružení uživatelů TeXu},
	volume = {33},
	number = {3\,--\,4},
	pages = {139\,--\,152},
	year = {2023},
	ISSN = {1213-8185},
}

@Article{Mittelbach2014,
	author = {Frank Mittelbach},
	title = {How to influence the position of float environments like figure and table in LaTeX?},
	journal = {TUGboat},
	volume = {35},
	number = {3},
	pages = {248\,--\,249},
	year = {2014},
	ISSN = {0896-3207},
}

@MastersThesis{Bartik2017,
	author = {Jakub Bartík},
	title = {Šablony odborných prací pro LaTeX},
	school = {Vysoká škola ekonomická v Praze, Fakulta informatiky a statistiky Katedra informačního a znalostního inženýrství},
	year = {2017},
	type = {Bakalářská práce},
}

@MastersThesis{Cerny2011,
	author = {Lukáš Černý},
	title = {Konverze prezentací mezi platformou LaTeX a Microsoft Power Point},
	school = {Vysoké učení technické v Brně, Fakulta informačních technologií. Ústav informačních systémů},
	year = {2011},
	type = {Bakalářská práce},
}

@inproceedings{SedaPavelVGIL,
	journal = {Proceedings of the 24th Conference STUDENT EEICT 2018},
	pages = {347--351},
	publisher = {Vysoké učení technické v Brně, Fakulta elektrotechniky a komunikačních technologií},
	isbn = {978-80-214-5614-3},
	title = {Vector Graphics In Latex For Academic Papers},
	year = {2018},
	author = {Seda, Pavel},
	keywords = {LATEX; vector graphics},
}
